@article{sara:2005,
author = { Saralees   Nadarajah },
title = {A generalized normal distribution},
journal = {Journal of Applied Statistics},
volume = {32},
number = {7},
pages = {685-694},
year  = {2005},
publisher = {Taylor & Francis},
doi = {10.1080/02664760500079464},
}

@INPROCEEDINGS{Zois:2015,
author={G. {Fu} and Z. {Boukouvalas} and T. {AdalÄ±}},
booktitle={2015 IEEE International Conference on Acoustics, Speech and Signal Processing (ICASSP)},
title={Density estimation by entropy maximization with kernels},
year={2015},
volume={},
number={},
pages={1896-1900},
keywords={expectation-maximisation algorithm;Gaussian processes;maximum entropy methods;optimisation;probability;density estimation;entropy
maximization;probability density function;maximum entropy principle;Gaussian kernels;local measuring functions;minimum description length
criterion;expectation maximization;probability difference measure;Kernel;Density functional theory;Erbium;Jacobian
matrices;Estimation;Entropy;Probability density estimation;Maximum entropy distributions;Gaussian kernel},
doi={10.1109/ICASSP.2015.7178300},
ISSN={2379-190X},
month={April},
}

@book{Cover2006,
  added-at = {2009-04-20T21:27:16.000+0200},
  at = {2008-03-31 06:17:47},
  author = {Cover, Thomas M. and Thomas, Joy A.},
  biburl = {https://www.bibsonomy.org/bibtex/22e9bfa879286689a14feb55b69d326c1/ywhuang},
  howpublished = {Hardcover},
  id = {1877660},
  interhash = {87ae368776946bf7a71ee476e81a2191},
  intrahash = {2e9bfa879286689a14feb55b69d326c1},
  isbn = {0471241954},
  keywords = {information-theory book},
  month = {July},
  priority = {0},
  publisher = {Wiley-Interscience},
  timestamp = {2009-04-20T21:27:16.000+0200},
  title = {Elements of Information Theory 2nd Edition (Wiley Series in Telecommunications and Signal Processing)},
  year = 2006
}

@book{oleary,
  title={Scientific Computing with Case Studies},
  author={O'Leary, D.P.},
  isbn={9780898716665},
  lccn={2008031493},
  series={Other Titles in Applied Mathematics},
  url={},
  year={2009},
  publisher={Society for Industrial and Applied Mathematics}
}

